% Encoding: UTF-8

@misc{LARTC,
  AUTHOR={Bert Hubert and Thomas Graf and Greg Maxwell and Remco van Mook and van Oosterhout, Martijn and Schroeder, Paul B. and Pedro Larroy},
  TITLE={Linux Advanced Routing \& Traffic Control},
  HOWPUBLISHED={Webseite, abgerufen am 18.10.2009},
  YEAR={2005},
  NOTE={\url{http://lartc.org/howto/}}
 }

@misc{TC,
  AUTHOR={Brown, Martin A.},
  TITLE={Traffic Control HOWTO},
  HOWPUBLISHED={Webseite, abgerufen am 18.10.2009},
  YEAR={2006},
  NOTE={\url{http://tldp.org/HOWTO/Traffic-Control-HOWTO/index.html}}
 }

@misc{TCNGHTB,
  AUTHOR={Brown, Martin A.},
  TITLE={Traffic Control using tcng and HTB HOWTO},
  HOWPUBLISHED={Webseite, abgerufen am 18.10.2009},
  YEAR={2006},
  NOTE={\url{http://tldp.org/HOWTO/Traffic-Control-tcng-HTB-HOWTO/index.html}}
 }

@misc{DSERV,
  AUTHOR={Leonardo Balliache},
  TITLE={Differentiated Service on Linux HOWTO},
  HOWPUBLISHED={Webseite, abgerufen am 18.10.2009},
  YEAR={2003},
  NOTE={\url{http://www.opalsoft.net/qos/DS.htm}}
 }

@misc{DOCUMHTB,
  AUTHOR={Stef Coene},
  TITLE={Docum - HTB},
  HOWPUBLISHED={Webseite, abgerufen am 18.10.2009},
  YEAR={2005},
  NOTE={\url{http://www.docum.org/docum.org/docs/}}
 }

@misc{TLK,
  AUTHOR={TLK Distributions, GmbH},
  TITLE={Juniper NetScreen Preis√ºbersicht},
  HOWPUBLISHED={Webseite, abgerufen am 18.10.2009},
  YEAR={2009},
  NOTE={\url{http://gast:gast@tlk.de/cgi/listen.cgi?ZYJUN_SSG5}}
 }

@misc{JUNIPER,
  AUTHOR={Juniper Networks, Inc.},
  TITLE={SSG20 Secure Services Gateway - Small Office Network Security Platform},
  HOWPUBLISHED={Webseite, abgerufen am 18.10.2009},
  YEAR={2009},
  NOTE={\url{http://www.juniper.net/us/en/products-services/security/ssg-series/ssg20/}}
 }